<?xml version="1.0" encoding="UTF-8"?><collection xmlns="http://www.loc.gov/MARC21/slim"><record><leader>00385nam--2200157-i-4500</leader><controlfield tag="001">000042455</controlfield><controlfield tag="002">20161230</controlfield><controlfield tag="005">20170121204437</controlfield><controlfield tag="008">060222s1000------------r-----000-0-eng-d</controlfield><datafield ind1=" " ind2=" " tag="100"><subfield code="a">Speiser, Andreas</subfield></datafield><datafield ind1=" " ind2=" " tag="245"><subfield code="a">Die math. denkweise</subfield></datafield><datafield ind1=" " ind2=" " tag="250"><subfield code="a">3-te aufl</subfield></datafield><datafield ind1=" " ind2=" " tag="260"><subfield code="a">Basel</subfield><subfield code="b">Verlag Birkhauser</subfield><subfield code="c">1952</subfield></datafield><datafield ind1=" " ind2=" " tag="300"><subfield code="a">128 p.+ 10 Tabele</subfield></datafield><datafield ind1=" " ind2=" " tag="852"><subfield code="a">21286</subfield></datafield><datafield ind1=" " ind2=" " tag="CAT"><subfield code="a">SYS</subfield><subfield code="c">20170121</subfield><subfield code="h">204437</subfield></datafield></record></collection>